@article{einstein,
    author = "Albert Einstein",
    title = "{Zur Elektrodynamik bewegter K{\"o}rper}. ({German})
    [{On} the electrodynamics of moving bodies]",
    journal = "Annalen der Physik",
    volume = "322",
    number = "10",
    pages = "891--921",
    year = "1905",
    DOI = "http://dx.doi.org/10.1002/andp.19053221004",
    keywords = "physics"
}

@book{dirac,
    title = {The Principles of Quantum Mechanics},
    author = {Paul Adrien Maurice Dirac},
    isbn = {9780198520115},
    series = {International series of monographs on physics},
    year = {1981},
    publisher = {Clarendon Press},
    keywords = {physics}
}

@online{EcuRed,
    author = "Javier Martín Campos",
    title = "Memoria (informática)",
    url  = "https://www.ecured.cu/Memoria_(informática)",
    addendum = "(accessed: 06.09.2020)",
    keywords = "memoria"
}

@online{Academia,
    author = "Yorvin Patiño",
    title = "Sistemas de Memoria",
    url  = "https://www.academia.edu/31586803/SISTEMAS_DE_MEMORIA",
    addendum = "(accessed: 06.09.2020)",
    keywords = "memoria"
}

@online{Estructura,
    author = "Miguel Albert Orenga, Gerard Enrique Manonellas",
    title = "Sistema de Memoria",
    url  = "http://cv.uoc.edu/annotation/8255a8c320f60c2bfd6c9f2ce11b2e7f/619469/PID_00218275/PID_00218275.html",
    addendum = "(accessed: 06.09.2020)",
    keywords = "memoria"
}

@inbook{knuth-fa,
    author = "Donald E. Knuth",
    title = "Fundamental Algorithms",
    publisher = "Addison-Wesley",
    year = "1973",
    chapter = "1.2",
    keywords  = "knuth,programming"
}